<?xml version="1.0" encoding="UTF-8"?><collection xmlns="http://www.loc.gov/MARC21/slim"><record><leader>00559nam--2200169-i-4500</leader><controlfield tag="001">000006096</controlfield><controlfield tag="002">20161230</controlfield><controlfield tag="005">20161230201026</controlfield><controlfield tag="008">060222s1000------------r-----000-0-eng-d</controlfield><datafield ind1="1" ind2=" " tag="100"><subfield code="a">Cagnet, M</subfield></datafield><datafield ind1="1" ind2="0" tag="245"><subfield code="a">Atlas optischer erscheinungen. atlas de phenomenes d'optique. atlas of optical phenomena</subfield><subfield code="c">M. cagnet, m. francon, j.c. therierr</subfield></datafield><datafield ind1=" " ind2=" " tag="260"><subfield code="a">Berlin</subfield><subfield code="b">Springer Verlag</subfield><subfield code="c">1962</subfield></datafield><datafield ind1=" " ind2=" " tag="300"><subfield code="a">45 PLANSE</subfield></datafield><datafield ind1=" " ind2=" " tag="500"><subfield code="a">Textul este pus in 3 coloane: Germana, Franceza si Engleza</subfield></datafield><datafield ind1="1" ind2=" " tag="700"><subfield code="a">Thrierr, J.C</subfield></datafield><datafield ind1=" " ind2=" " tag="852"><subfield code="a">17945</subfield><subfield code="c">535</subfield></datafield><datafield ind1=" " ind2=" " tag="CAT"><subfield code="a">Sys</subfield><subfield code="c">20101022</subfield><subfield code="h">111325</subfield></datafield></record></collection>